@ARTICLE{1999Icar..137..269M,
   author = {{Milani}, A.},
    title = "{The Asteroid Identification Problem. I. Recovery of Lost Asteroids}",
  journal = icarus,
     year = 1999,
    month = feb,
   volume = 137,
    pages = {269-292},
      doi = {10.1006/icar.1999.6045},
   adsurl = {http://adsabs.harvard.edu/abs/1999Icar..137..269M},
  adsnote = {Provided by the SAO/NASA Astrophysics Data System}
}


@BOOK{2010tod..book.....M,
   author = {{Milani}, A. and {Gronchi}, G.~F.},
    title = "{Theory of Orbital Determination}",
 keywords = {Orbit determination; Celestial mechanics},
booktitle = {Theory of Orbital Determination, by Andrea Milani and Giovanni F.~Gronchi.~ISBN 978-0-521-87389-5.~Published by Cambridge University Press, Cambridge, UK, 2010.},
     year = 2010,
   editor = "{Milani, A.~\& Gronchi, G.~F.}",
publisher = {Cambridge University Press},
   adsurl = {http://adsabs.harvard.edu/abs/2010tod..book.....M},
  adsnote = {Provided by the SAO/NASA Astrophysics Data System}
}

